% This file was created with JabRef 2.10.
% Encoding: UTF8

@Manual{ATMEGA2560,
title = {ATmega640/1280/1281/2560/2561 - Datasheet},
organization = {Microchip-Atmel},
number = {ATmega2560},
note = {Rev. 2549Q},
year = {2014},
month = {2}
}

@Manual{ATMEGA328,
title = {ATmega48A/PA/88A/PA/168A/PA/328/P - Datasheet},
organization = {Microchip-Atmel},
number = {ATmega328P},
note = {Rev. A},
year = {2018},
month = {2}
}

@Manual{MPU6050datasheet,
title = {MPU-6000 and MPU-6050 Product Specification},
organization = {InvenSense},
number = {MPU6050},
note = {Rev. 3.4},
year = {2013},
month = {8}
}

@Manual{LM2596,
title = {LM2596 SIMPLE SWITCHER® Power Converter150-kHz 3-A Step-Down Voltage Regulator},
organization = {Texas Instruments},
number = {LM2596},
note = {Rev. D},
year = {2016},
month = {5}
}


@online{VariCore,
title = {VariCore battery pack, stránky výrobcu dostupné online},
url = {https://varicore.aliexpress.com}
}

@online{GY-521pic,
title = {GY-521 modul, stránky výrobcu dostupné online},
url = {https://thinaryelectronic.aliexpress.com}
}


@online{MP1584,
title = {MP1584 modul, stránky predajcu dostupné online},
url = {https://www.haoyuelectronics.com/Attachment/MP1584/}
}

@online{wheelBase,
title = {Platforma s motorami a kolesami, stránky predajcu dostupné online},
url = {https://bit.ly/2DPdpWt}
}

@online{hBridge,
title = {Dual DC Motor Driver Module, stránky predajcu dostupné online},
url = {https://czb6721960.aliexpress.com}
}

@online{servoMotor,
title = {Servo HJ S3315D, stránky predajcu dostupné online},
url = {https://xberstar-doneway.aliexpress.com}
}

@online{bluetoothModule,
title = {Bluetooh module HC-05, stránky predajcu dostupné online},
url = {www.tme.eu}
}

@online{arduinoMEGA,
title = {Arduino Mega Rev 3, stránky výrobcu dostupné online},
url = {store.arduino.cc}
}

@MastersThesis{Oochi2003,
  Title                    = {Balancing a Two-Wheeled Autonomous Robot},
  Author                   = {Rich Chi Ooi},
School                   = {The University of Western Australia - School of Mechanical Engineering},
  Year                     = {2003},

  Address                  = {Perth},
  Type                     = {mathesis},

  supervisor               = {A/Prof. Thomas Bräunl, Prof. Jie Pan},
  Timestamp                = {2018.12.21}
}

@Book{ContSys,
Author = {Norman S. Nise},
Title = {Control Systems Engineering},
Publisher = {Wiley},
Year = {2015},
ISBN = { 978-1118170519},
Pagetotal = {944},
Timestamp = {2019.3.19}
}



@Thesis{TWIP,
  Title                    = {Balancing a Two Wheeled Robot},
  Author                   = {Mahmoud Khaled, Aly Omar, M.Shaaban Ibraheem},
School                   = {Minia University - Faculty of Engineering Computers-Systems Dept},
  Year                     = {2009},

  Address                  = {Minia},
  Type                     = {mathesis},

  supervisor               = {Prof. M.Moness},
  Timestamp                = {2019.2.6}
}

@Book{SKRIPTA,
Author = {doc. Ing. Zdislav Exnar and CSc. and Ing. Emília Bubeníkova and doc. Ing. Marcela Koščová, CSc.},
Title = {Teória automatického riadenia 1 Lineárne systémy riadenia},
Publisher = {Žilinská univerzita},
Year = {2006},
ISBN = {80-8070-617-4},
Address = {Žilina},
Pagetotal = {119},
Timestamp = {2019.2.6}
}

@misc{LQRpaper,
author = {R. M. Murray},
title = {Control and Dynamical Systems, Lecture 2 - LQR Control},
month = {1},
year = {2006}, 
publisher = {California Institute of Technology}
}